<record><leader>00000cas a22000007a 4500</leader><controlfield tag="001">29644426</controlfield><controlfield tag="008">940118d19481951nmudn ne      0    0eng d</controlfield><datafield ind1=" " ind2=" " tag="010"><subfield code="a">sn 94056800 </subfield></datafield><datafield ind1=" " ind2=" " tag="040"><subfield code="a">NVM</subfield><subfield code="b">eng</subfield><subfield code="c">NVM</subfield><subfield code="d">OCLCQ</subfield><subfield code="d">OCLCF</subfield><subfield code="d">OCLCO</subfield></datafield><datafield ind1="1" ind2=" " tag="029"><subfield code="a">AU@</subfield><subfield code="b">000025895639</subfield></datafield><datafield ind1=" " ind2=" " tag="042"><subfield code="a">msc</subfield></datafield><datafield ind1=" " ind2=" " tag="043"><subfield code="a">n-us-nm</subfield></datafield><datafield ind1="0" ind2="0" tag="245"><subfield code="a">Hobbs daily flare.</subfield></datafield><datafield ind1="1" ind2="3" tag="246"><subfield code="a">Hobbs flare</subfield><subfield code="f">Jan. 27-Sept. 22, 1950</subfield></datafield><datafield ind1=" " ind2=" " tag="260"><subfield code="a">Hobbs, N.M. :</subfield><subfield code="b">Agnes Kastner Head</subfield></datafield><datafield ind1=" " ind2=" " tag="300"><subfield code="a">v.</subfield></datafield><datafield ind1=" " ind2=" " tag="310"><subfield code="a">Daily (except Sun. and Mon.),</subfield><subfield code="b">Oct. 6, 1950-1951</subfield></datafield><datafield ind1=" " ind2=" " tag="321"><subfield code="a">Weekly,</subfield><subfield code="b">Jan. 27-Sept. 22, 1950</subfield></datafield><datafield ind1=" " ind2=" " tag="321"><subfield code="a">Daily (except Mon.),</subfield><subfield code="b">1948-Jan. 21, 1950</subfield></datafield><datafield ind1="0" ind2=" " tag="362"><subfield code="a">Vol. 1, no. 1 (Mar. 26, 1948)-v. 4, no. 83 (July 24, 1951).</subfield></datafield><datafield ind1=" " ind2=" " tag="500"><subfield code="a">Called: The Hobbs flare, Jan. 27-Sept. 22, 1950.</subfield></datafield><datafield ind1=" " ind2=" " tag="515"><subfield code="a">Numbering irregularities.</subfield></datafield><datafield ind1=" " ind2="0" tag="651"><subfield code="a">Hobbs (N.M.)</subfield><subfield code="v">Newspapers.</subfield></datafield><datafield ind1=" " ind2="0" tag="651"><subfield code="a">Lea County (N.M.)</subfield><subfield code="v">Newspapers.</subfield></datafield><datafield ind1=" " ind2="7" tag="655"><subfield code="a">Newspapers.</subfield><subfield code="2">fast</subfield><subfield code="0">(OCoLC)fst01423814</subfield></datafield><datafield ind1=" " ind2="7" tag="651"><subfield code="a">New Mexico</subfield><subfield code="z">Hobbs.</subfield><subfield code="2">fast</subfield><subfield code="0">(OCoLC)fst01219424</subfield></datafield><datafield ind1=" " ind2="7" tag="651"><subfield code="a">New Mexico</subfield><subfield code="z">Lea County.</subfield><subfield code="2">fast</subfield><subfield code="0">(OCoLC)fst01209454</subfield></datafield><datafield ind1=" " ind2=" " tag="752"><subfield code="a">United States</subfield><subfield code="b">New Mexico</subfield><subfield code="c">Lea</subfield><subfield code="d">Hobbs.</subfield></datafield><datafield ind1="0" ind2="0" tag="785"><subfield code="t">Hobbs flare</subfield><subfield code="w">(DLC)sn 87091041</subfield></datafield></record>